% SAT Solver Fundamentals
@article{davis1960computing,
  author  = {Davis, M. and Putnam, H.},
  title   = {A computing procedure for quantification theory},
  journal = {Journal of the ACM},
  volume  = {7},
  number  = {3},
  pages   = {201--215},
  year    = {1960}
}

@article{davis1962machine,
  author  = {Davis, M. and Logemann, G. and Loveland, D.},
  title   = {A machine program for theorem proving},
  journal = {Communications of the ACM},
  volume  = {5},
  number  = {7},
  pages   = {394--397},
  year    = {1962}
}

@article{marques1999grasp,
  author  = {Marques-Silva, J. and Sakallah, K. A.},
  title   = {GRASP: A search algorithm for propositional satisfiability},
  journal = {IEEE Transactions on Computers},
  volume  = {48},
  number  = {5},
  pages   = {506--521},
  year    = {1999}
}

@inproceedings{bayardo1997using,
  author    = {Bayardo Jr., R. J. and Schrag, R. C.},
  title     = {Using CSP look-back techniques to solve real-world SAT instances},
  booktitle = {Proceedings of the 14th National Conference on Artificial Intelligence (AAAI)},
  year      = {1997},
  pages     = {203--208}
}

@incollection{marques2009handbook,
  author    = {Marques-Silva, J. and Lynce, I. and Malik, S.},
  title     = {Conflict-driven clause learning SAT solvers},
  booktitle = {Handbook of Satisfiability},
  editor    = {Biere, A. and Heule, M. and van Maaren, H. and Walsh, T.},
  publisher = {IOS Press},
  year      = {2009},
  pages     = {131--153}
}

@inproceedings{moskewicz2001chaff,
  author    = {Moskewicz, M. W. and Madigan, C. F. and Zhao, Y. and Zhang, L. and Malik, S.},
  title     = {Chaff: Engineering an efficient SAT solver},
  booktitle = {Proceedings of the 38th Design Automation Conference},
  year      = {2001},
  pages     = {530--535}
}

@article{liang2015understanding,
  author  = {Liang, J. H. and Ganesh, V. and Poupart, P. and Czarnecki, K.},
  title   = {Understanding VSIDS branching heuristics in conflict-driven clause-learning SAT solvers},
  journal = {arXiv preprint arXiv:1506.08905},
  year    = {2015},
  eprint  = {1506.08905},
  archiveprefix = {arXiv},
  primaryclass = {cs.AI}
}

@article{audemard2017learned,
  author  = {Audemard, G. and Simon, L.},
  title   = {Towards learned clauses database reduction strategies based on dominance relationship},
  journal = {arXiv preprint arXiv:1705.10898},
  year    = {2017},
  eprint  = {1705.10898},
  archiveprefix = {arXiv},
  primaryclass = {cs.AI}
}

@inproceedings{liang2018machine,
  author    = {Liang, J. H. and Oh, C. and Mathew, M. and Thomas, C. and Li, C. and Ganesh, V.},
  title     = {Machine learning-based restart policy for CDCL SAT solvers},
  booktitle = {International Conference on Theory and Applications of Satisfiability Testing},
  year      = {2018},
  pages     = {94--110}
}

% Graph Coloring Methods
@incollection{matula1972graph,
  author    = {Matula, D. W. and Marble, G. and Isaacson, J. D.},
  title     = {Graph colouring algorithms},
  booktitle = {Graph Theory and Computing},
  editor    = {Read, R. C.},
  publisher = {Academic Press},
  address   = {New York},
  year      = {1972},
  pages     = {109--122}
}

@article{welsh1967upper,
  author  = {Welsh, D. J. A. and Powell, M. B.},
  title   = {An upper bound for the chromatic number of a graph and its application to timetabling problems},
  journal = {The Computer Journal},
  volume  = {10},
  number  = {1},
  pages   = {85--86},
  year    = {1967}
}

@article{brelaz1979new,
  author  = {Brélaz, D.},
  title   = {New methods to colour the vertices of a graph},
  journal = {Communications of the ACM},
  volume  = {22},
  number  = {4},
  pages   = {251--256},
  year    = {1979}
}

@article{leighton1979graph,
  author  = {Leighton, F. T.},
  title   = {A graph colouring algorithm for large scheduling problems},
  journal = {Journal of Research of the National Bureau of Standards},
  volume  = {84},
  number  = {6},
  pages   = {489--506},
  year    = {1979}
}

@article{vangelder2008another,
  author  = {Van Gelder, A.},
  title   = {Another look at graph colouring via propositional satisfiability},
  journal = {Discrete Applied Mathematics},
  volume  = {156},
  number  = {2},
  pages   = {230--243},
  year    = {2008}
}

@inproceedings{faber2024sat,
  author    = {Faber, D. and Jabrayilov, A. and Mutzel, P.},
  title     = {SAT encoding of partial ordering models for graph colouring problems},
  booktitle = {27th International Conference on Theory and Applications of Satisfiability Testing (SAT 2024)},
  year      = {2024},
  pages     = {12:1--12:20}
}

@inproceedings{dey2013satisfiability,
  author    = {Dey, M. and Bagchi, A.},
  title     = {Satisfiability methods for colouring graphs},
  booktitle = {Proceedings of the International Conference on Advances in Computing, Electronics and Electrical Technology (CEET)},
  year      = {2013},
  pages     = {135--147}
}

% Performance Optimization Approaches
@article{hebrard2020constraint,
  author  = {Hébrard, E. and Katsirelos, G.},
  title   = {Constraint and satisfiability reasoning for graph colouring},
  journal = {Journal of Artificial Intelligence Research},
  volume  = {69},
  pages   = {331--368},
  year    = {2020}
}

@inproceedings{hebrard2018clause,
  author    = {Hébrard, E. and Katsirelos, G.},
  title     = {Clause learning and new bounds for graph colouring},
  booktitle = {Principles and Practice of Constraint Programming},
  year      = {2018},
  pages     = {179--194}
}

@article{catalyurek2012ordering,
  author  = {Çatalyürek, Ü. V. and Feo, J. and Gebremedhin, A. H. and Halappanavar, M. and Pothen, A.},
  title   = {Graph colouring algorithms for multi-core and massively multithreaded architectures},
  journal = {Parallel Computing},
  volume  = {38},
  number  = {10-11},
  pages   = {576--594},
  year    = {2012}
}

@article{sun2023sat,
  author  = {Sun, Z. and Benlic, U. and Hao, J.-K. and Wu, Q.},
  title   = {SAT-boosted tabu search for colouring massive graphs},
  journal = {Journal of Experimental Algorithmics},
  volume  = {28},
  pages   = {1--30},
  year    = {2023}
}

@article{lin2012coloring,
  author  = {Lin, J. and Luo, C. and Cai, S. and Su, K. and Abdul, D.},
  title   = {Colouring large graphs based on independent set extraction},
  journal = {Computers \& Operations Research},
  volume  = {39},
  number  = {2},
  pages   = {283--290},
  year    = {2012}
}

@article{jansen2013data,
  author  = {Jansen, B. M. P. and Kratsch, S.},
  title   = {Data reduction for graph colouring problems},
  journal = {Information and Computation},
  volume  = {231},
  pages   = {70--88},
  year    = {2013}
}

@inproceedings{cao2021hash,
  author    = {Cao, H.},
  title     = {Hash-based preprocessing and inprocessing techniques in SAT solvers},
  booktitle = {Theory and Applications of Satisfiability Testing - SAT 2021},
  year      = {2021},
  pages     = {82--99}
}

@article{hamadi2009manysat,
  author  = {Hamadi, Y. and Jabbour, S. and Sais, L.},
  title   = {ManySAT: a parallel SAT solver},
  journal = {Journal on Satisfiability, Boolean Modeling and Computation},
  volume  = {6},
  number  = {4},
  pages   = {245--262},
  year    = {2009}
}

@inproceedings{balyo2015hordesat,
  author    = {Balyo, T. and Sanders, P. and Sinz, C.},
  title     = {HordeSat: A massively parallel portfolio SAT solver},
  booktitle = {Theory and Applications of Satisfiability Testing - SAT 2015},
  year      = {2015},
  series    = {Lecture Notes in Computer Science},
  volume    = {9340},
  pages     = {156--172}
}

@inproceedings{guo2010diversification,
  author    = {Guo, L. and Hamadi, Y. and Jabbour, S. and Sais, L.},
  title     = {Diversification and intensification in parallel SAT solving},
  booktitle = {Proceedings of the 16th International Conference on Principles and Practice of Constraint Programming},
  year      = {2010},
  pages     = {252--265}
}

% Symmetry Breaking
@inproceedings{crawford1996symmetry,
  author    = {Crawford, J. and Ginsberg, M. and Luks, E. and Roy, A.},
  title     = {Symmetry-breaking predicates for search problems},
  booktitle = {Proceedings of the Fifth International Conference on Principles of Knowledge Representation and Reasoning},
  year      = {1996},
  pages     = {148--159}
}

@article{codish2018constraints,
  author  = {Codish, M. and Miller, A. and Prosser, P. and Stuckey, P. J.},
  title   = {Constraints for symmetry breaking in graph representation},
  journal = {Constraints},
  volume  = {23},
  number  = {1},
  pages   = {1--24},
  year    = {2018}
}

@inproceedings{kirchweger2021sat,
  author    = {Kirchweger, M. and Szeider, S.},
  title     = {SAT modulo symmetries for graph generation},
  booktitle = {27th International Conference on Principles and Practice of Constraint Programming (CP 2021)},
  year      = {2021},
  pages     = {34:1--34:16}
}

@inproceedings{schaafsma2009dynamic,
  author    = {Schaafsma, B. and Heule, M. J. H. and van Maaren, H.},
  title     = {Dynamic symmetry breaking by simulating Zykov contraction},
  booktitle = {Theory and Applications of Satisfiability Testing - SAT 2009},
  year      = {2009},
  pages     = {223--236},
  series    = {Lecture Notes in Computer Science},
  volume    = {5584}
}

@misc{bcs2022code,
  author = {{British Computer Society}},
  title = {BCS Code of Conduct},
  year = {2022},
  url = {https://www.bcs.org/membership/become-a-member/bcs-code-of-conduct/},
  note = {Accessed: 2025}
}

@misc{iet2023rules,
  author = {{Institution of Engineering and Technology}},
  title = {Rules of Conduct},
  year = {2023},
  url = {https://www.theiet.org/about/governance/rules-of-conduct/},
  note = {Accessed: 2025}
}

% Algorithmic Ethics and Fairness
@book{oneil2016weapons,
  author = {Cathy O'Neil},
  title = {Weapons of Math Destruction: How Big Data Increases Inequality and Threatens Democracy},
  publisher = {Crown Publishing Group},
  year = {2016}
}

@article{barocas2016big,
  author = {Solon Barocas and Andrew D. Selbst},
  title = {Big Data's Disparate Impact},
  journal = {California Law Review},
  volume = {104},
  number = {3},
  pages = {671--732},
  year = {2016}
}

% Responsible AI/Computing
@article{dignum2019responsible,
  author = {Virginia Dignum},
  title = {Responsible Artificial Intelligence: How to Develop and Use AI in a Responsible Way},
  journal = {Artificial Intelligence: Foundations, Theory, and Algorithms},
  publisher = {Springer},
  year = {2019}
}

@article{floridi2018ai4people,
  author = {Luciano Floridi and Josh Cowls and Monica Beltrametti and Raja Chatila and Patrice Chazerand and Virginia Dignum and Christoph Luetge and Robert Madelin and Ugo Pagallo and Francesca Rossi and Burkhard Schafer and Peggy Valcke and Effy Vayena},
  title = {AI4People—An Ethical Framework for a Good AI Society: Opportunities, Risks, Principles, and Recommendations},
  journal = {Minds and Machines},
  volume = {28},
  number = {4},
  pages = {689--707},
  year = {2018}
}

% Computing and Environmental Impact
@article{strubell2019energy,
  author = {Emma Strubell and Ananya Ganesh and Andrew McCallum},
  title = {Energy and Policy Considerations for Deep Learning in NLP},
  journal = {Proceedings of the 57th Annual Meeting of the Association for Computational Linguistics},
  pages = {3645--3650},
  year = {2019}
}

@article{schwartz2020green,
  author = {Roy Schwartz and Jesse Dodge and Noah A. Smith and Oren Etzioni},
  title = {Green AI},
  journal = {Communications of the ACM},
  volume = {63},
  number = {12},
  pages = {54--63},
  year = {2020}
}

% Software Engineering Ethics
@article{gotterbarn1999computer,
  author = {Don Gotterbarn and Keith Miller and Simon Rogerson},
  title = {Computer Society and ACM Approve Software Engineering Code of Ethics},
  journal = {Computer},
  volume = {32},
  number = {10},
  pages = {84--88},
  year = {1999},
  publisher = {IEEE}
}

% Algorithmic Transparency and Accountability
@article{diakopoulos2016accountability,
  author = {Nicholas Diakopoulos},
  title = {Accountability in Algorithmic Decision Making},
  journal = {Communications of the ACM},
  volume = {59},
  number = {2},
  pages = {56--62},
  year = {2016}
}

@article{selbst2018intuitive,
  author = {Andrew D. Selbst and Suresh Venkatasubramanian},
  title = {The Intuitive Appeal of Explainable Machines},
  journal = {Fordham Law Review},
  volume = {87},
  number = {3},
  pages = {1085--1139},
  year = {2018}
}

@book{johnson2001computer,
  author = {Deborah G. Johnson},
  title = {Computer Ethics},
  publisher = {Prentice Hall},
  edition = {3rd},
  year = {2001}
}

@book{tavani2016ethics,
  author = {Herman T. Tavani},
  title = {Ethics and Technology: Controversies, Questions, and Strategies for Ethical Computing},
  publisher = {John Wiley \& Sons},
  edition = {5th},
  year = {2016}
}
